@misc{10usability_heuristics,
	author	= {Nielsen, Jakob},
	title		= {10 Usability Heuristics for User Interface Design},
	year		= {1994},
	month	= {April},
	note		= {\url{https://www.nngroup.com/articles/ten-usability-heuristics/} [Online; accessed June 10, 2020]}
}

@book{Yoshizawa,
	author 	= {Akira Yoshizawa},
	title 		= {Atarashi origami geijutsu},
	publisher 	= {Origami Geijutsu-Sha},
	address 	= {Tokyo},
	year 		= {1954},
	note 		= {no ISBN }
}

@book{DesignSecrets,
	author	= {Robert James Lang},
	title		= {Origami Design Secrets: mathematical methods for an ancient art},
	publisher	= {CRC Press},
	year		= {2012},
	edition	= {Second Edition},
	note		= {ISBN: 978-1-56881-436-0}
}

@misc{origamiHistoryWu,
	author	= {Joseph Wu},
	title		= {Origami: A Brief History of the Ancient Art of Paperfolding},
	year		= {2006},
	note		= {\url{http://www.origami.as/Info/history.php} [Online; accessed Juli 08, 2020}
}

@misc{origamiHistoryK,
	author	= {Koshiro Hatori},
	title		= {K's Origami: History of Origami},
	note		= {\url{https://origami.ousaan.com/library/historye.html} [Online; accessed Juli 08, 2020}
}
	
@misc{Lang,
	author 	= {Robert J. Lang},
	title 		= {ORIGAMI DIAGRAMMING CONVENTIONS},
	year 		= {2011},
	note 		= {\url{http://www.langorigami.com/article/origami-diagramming-conventions} [Online; accessed March 21, 2020]}
}

@misc{Hudson,
	author 	= {Anrew Hudson},
	title 		= {Crane},
	year 		= {2011},
	note 		= {\url{https://ahudsonorigami.files.wordpress.com/2011/11/tsuru.pdf} [Online; accessed March 21, 2020]}
}

@misc{BaseTree,
	author	= {Robert J. Lang},
	title		= {Family tree of the standard bases},
	note		= {Published in: \emph{Origami Design Secrets: mathematical methods for an ancient art}; p. 61}
}

@incollection{eGami,
	author 	= {Jack Fastag},
	title 		= {eGami: Virtual Paperfolding and Diagramming Software},
	editor 	= {Robert J. Lang},
	booktitle	= {Origami 4},
	publisher	= {A K Peters, Ltd.},
	year 		= {2006},
	pages	= {273-284}
}

@misc{origamiSimulation,
	author 	= {Robert J. Lang},
	title 		= {ORIGAMI SIMULATION},
	year 		= {2015},
	note		= {\url{http://www.langorigami.com/article/origami-simulation} [Online; accessed March 21, 2020]}
}

@misc{foldinator,
	author	= {John Szinger},
	title		= {The Foldinator Project},
	year		= {2009},
	note		= {\url{http://zingman.com/origami/foldinator.php} [Online; accessed March 21, 2020]}
}

@misc{origrammer,
	title		= {Origami Diagramming: Development of a Desktop Application for Creating Origami Diagrams},
	author	= {Hardtung, Julian},
	year		= {2020},
	month	= {April},
	school	= {TH Köln University of Applied Sciences Campus Gummersbach Institute of Informatics and Engineering}
}

@article{hull1994mathematics,
 	 title		= {On the mathematics of flat origamis},
 	 author	= {Hull, Thomas},
 	 journal	= {Congressus numerantium},
 	 pages	= {215--224},
 	 year		= {1994},
  	publisher	= {UTILITAS MATHEMATICA PUBLISHING INC}
}

@book{wingedEdge,
  	title		= {Computer graphics: principles and practice},
  	author	= {Foley, James D and Van, Foley Dan and Van Dam, Andries and Feiner, Steven K and Hughes, John F and Angel, Edward and Hughes, J},
  	volume	= {12110},
  	year		= {1996},
  	publisher	= {Addison-Wesley Professional}
}



@article{discount_usability_engineering,
 	title		= {Guerrilla HCI: Using Discount Usability Engineering to Penetrate the Intimidation Barrier},
 	author	= {Nielsen, Jakob},
  	journal	= {Cost-justifying usability},
 	pages	= {245--272},
	year		= {1994},
  	publisher	= {Academic Press New York},
  	note		= {\url{ftp://ftp.cs.umanitoba.ca/pub/cs371/Readings/Guerrilla.pdf} [Online; accessed June 3, 2020]}
}

@article{10.1145/77481.77486,
	author 	= {Molich, Rolf and Nielsen, Jakob},
	title 		= {Improving a Human-Computer Dialogue},
	year 		= {1990},
	publisher 	= {Association for Computing Machinery},
	issn 		= {0001-0782},
	doi		= {10.1145/77481.77486},
	journal 	= {Commun. ACM},
	month 	= {March},
	pages 	= {338–348},
	note 		= {\url{https://doi.org/10.1145/77481.77486} [Online; accessed June 3, 2020]}
}

@inproceedings{usability_heuristics,
	author 	= {Nielsen, Jakob and Molich, Rolf},
	title 		= {Heuristic Evaluation of User Interfaces},
	year		= {1990},
	isbn 		= {0201509326},
	publisher 	= {Association for Computing Machinery},
	doi	 	= {10.1145/97243.97281},
	booktitle 	= {Proceedings of the SIGCHI Conference on Human Factors in Computing Systems},
	pages 	= {249–256},
	series 	= {CHI ’90},
	note 		= {\url{https://static1.squarespace.com/static/57d1d882e58c62c988fb0254/t/5ae8fa3b6d2a73ce72214d91/1525217854980/nielsenheuristicsCHI.pdf} [Online; accessed September 3, 2020]}
}

@misc{batik,
	author 	= {The Apache Software Foundation},
	title		= {Apache™ Batik SVG Toolkit},
	year		= {2020},
	month	= {May},
	note		= {\url{https://xmlgraphics.apache.org/batik/} [Online; accessed July 07, 2020]}
}

@misc{langCP,
	author 	= {Robert J. Lang},
	title 		= {CREASE PATTERNS AS ART},
	year 		= {2015},
	note		= {\url{https://langorigami.com/article/crease-patterns-as-art/} [Online; accessed September 15, 2020]}
}
	
	
	